%
% JOURNAL ABBREVIATIONS
%
@STRING{AMS 	= "Amer.\ Meteor.\ Soc."}
@STRING{AGU 	= "Amer.\ Geophys.\ Union"}
@STRING{AIP 	= "Amer. Inst. Phys."}
@STRING{ADGEO     = "Adv.\ Geosci."}
@STRING{AFM       = "Agric.\ For.\ Meteor."}
@STRING{AM        = "Ann.\ Meteor."}
@STRING{AN        = "Astrophys.\ Norv."}		% Astrophysica Norvegica
@STRING{AO        = "Atmos.--Ocean"}			% Atmosphere--Ocean, published by Canadian Meteorological Society (CMOS)
@STRING{AR        = "Atmos.\ Res."}			% Atmospheric Research
@STRING{ARFM      = "Annu.\ Rev.\ Fluid Mech."}
@STRING{AUMET     = "Aust.\ Meteor.\ Mag."}
@STRING{BAMS      = "Bull.\ Amer.\ Meteor.\ Soc."}
@STRING{CAP       = "Contrib.\ Atmos.\ Phys."}
@STRING{CC        = "Climate Change"}      % Climate Change 
@STRING{CCH       = "Climatic Change"}			% Climatic Change
@STRING{CDYN      = "Climate Dyn."}
@STRING{CHAOS     = "Chaos"}
@STRING{COL       = "Collier's"}
@STRING{CRS       = "Cont.\ Shelf Res."}
@STRING{DAO       = "Dyn.\ Atmos.\ Oceans"}
@STRING{ECO       = "Ecology"}
@STRING{EI        = "Earth Interact."}
@STRING{GA        = "Geophysica"}			% Geophysica, published by Geophysical Society of Finland 
@STRING{GEOMAG    = "Geophys.\ Mag."}
@STRING{GN        = "Geophys.\ Norv."}			% Geophysica Norvegica
@STRING{GRL       = "Geophys.\ Res.\ Lett."}
@STRING{GEOINT    = "Geofis.\ Int."}			% Geofisica Internacional (Mexican journal -- vols. 3--5 contained proceedings from a hurricane conference
@STRING{GEOPUB    = "Geofys.\ Publ."}
@STRING{GPC       = "Global Planet.\ Change"}
@STRING{HP        = "Health Phys."}
@STRING{IAOP      = "Izv.\ Atmos.\ Ocean.\ Phys.\ (Engl.\ Transl.)"}
@STRING{IJC       = "Int.\ J.\ Climatol."}
@STRING{JAM       = "J.\ Appl.\ Meteor."}		% renamed to name below in 2006
@STRING{JAMC      = "J.\ Appl.\ Meteor.\ Climatol."}  	% Journal of Applied Meteorology and Climatology (this journal used to be called the Journal of Applied Meteorology before 2006)
@STRING{JAS       = "J.\ Atmos.\ Sci."}
@STRING{JAOT      = "J.\ Atmos.\ Oceanic Technol."}
@STRING{JCAM      = "J.\ Climate Appl.\ Meteor."}	% from 1983--87, now JAMC
@STRING{JCLI      = "J.\ Climate"}
@STRING{JCR       = "J.\ Coastal Res."}
@STRING{JFM       = "J.\ Fluid\ Mech."}
@STRING{JEM       = "J.\ Eng.\ Math."}			% Journal of Engineering Mathematics
@STRING{JGR       = "J.\ Geophys.\ Res."}
@STRING{JHM       = "J.\ Hydrometeor."}
@STRING{JMS       = "J.\ Mar.\ Syst."}
@STRING{JM        = "J.\ Meteor."}
@STRING{JMR       = "J.\ Mar.\ Res."}
@STRING{JMSJ      = "J.\ Meteor.\ Soc.\ Japan"}
@STRING{JPO       = "J.\ Phys.\ Oceanogr."}
@STRING{JOCEAN    = "J.\ Oceanogr."}			% Journal of Oceanography
@STRING{JOSJ      = "J.\ Oceanogr.\ Soc.\ Japan"}
@STRING{JSE       = "J.\ Struct.\ Eng."}	% Journal of Structural Engineering at ASCE
@STRING{JTM       = "J.\ Tropical Meteor."}
@STRING{JWEIA     = "J.\ Wind Eng.\ Ind.\ Aerodyn."}
@STRING{MA        = "Meteor.\ Appl."}
@STRING{MAP       = "Meteor.\ Atmos.\ Phys."}
@STRING{METMON    = "Meteor.\ Monogr."}
@STRING{METZEIT   = "Meteor.\ Z."}
@STRING{MWL       = "Mar.\ Wea.\ Log"}
@STRING{MWR       = "Mon.\ Wea.\ Rev."}
@STRING{NAT       = "Nature"}
@STRING{NHR       = "Nat.\ Hazards Rev."}
@STRING{NWD       = "Natl.\ Weather Dig."}
@STRING{OA        = "Oceanol. Aeta"}
@STRING{OCEAN     = "Oceanography"}                	% a quarterly journal of The Oceanography Society
@STRING{PAG       = "Pure Appl.\ Geophys."}
@STRING{PF        = "Phys.\ Fluids"}
@STRING{PHYSD     = "Physica D"}
@STRING{PMG       = "Pap.\ Meteor.\ Geophys."}	% Papers in Meteorology and Geophysics
@STRING{PNAS      = "Proc.\ Natl.\ Acad.\ Sci.\ (USA)"}
@STRING{PRE       = "Phys.\ Rev.\ E"}
@STRING{PRSA      = "Proc.\ Roy.\ Soc."}
@STRING{PT        = "Phys.\ Today"}
@STRING{PTRS      = "Philos.\ Trans.\ Roy.\ Soc.\ London"}
@STRING{QJRMS     = "Quart.\ J.\ Roy.\ Meteor.\ Soc."}
@STRING{RGEO      = "Rev. Geophys."}
@STRING{SCI       = "Science"}
@STRING{SOLA      = "SOLA"}				% Scientific Online Letters on the Atmosphere
@STRING{TAGU      = "Eos, Trans.\ Amer.\ Geophys.\ Union"}
@STRING{TELLUS    = "Tellus"}
@STRING{TCFD      = "Theor.\ Comput.\ Fluid Dyn."}
@STRING{WEA       = "Weather"}
@STRING{WW        = "Weatherwise"}
@STRING{WF        = "Wea.\ Forecasting"}
@STRING{WMOB      = "WMO Bull."}

%% SAMPLE REFERENCES. Insert your own reference database below the line.

@article{Becker+Schmitz2003,
         author = {E. Becker and G. Schmitz},
         title = {Climatological effects of orography and land--sea heating contrasts on the gravity
                  wave--driven circulation of the mesosphere},
         journal = {J. Atmos. Sci.},
         year = {2003},
         volume = 60,
         pages = {103--118}, 
        doi = {10.1175/1520-0469(2003)060<0103:CEOOAL>2.0.CO;2}}

@CONFERENCE{Kuji_Nakajima2002,
AUTHOR = {M. Kuji and T. Nakajima},
	YEAR = 2002,
	TITLE = {Retrieval of cloud geometrical parameters using remote sensing data},
	BOOKTITLE = {11th Conf. on Cloud Physics},
	ADDRESS = {Ogden, UT},
	ORGANIZATION = {Amer. Meteor. Soc.},
	PAGES = {JP1.7},
	NOTE = {\url{http://ams.confex.com/ams/pdfpapers/39550.pdf}}

@article {MeixnerEA2002,
	author = {T. Meixner and L. A. Bastidas and H. V. Gupta and R. C. Bales},
	title = {Multicriteria parameter estimation for models of stream chemical composition},
	journal = {Water Resour. Res.},
	volume = {38},
	doi = {10.1029/2000WR000112},
	eid = {1027},
	year = {2002}}

@article{Knutti2008,
	author={R. Knutti and M. R. Allen and P. Friedlingstein and J. M. Gregory and G. C. Hegerl and G. A. Meeh and M. Meinshausen and J. M. Murphy and G.-K. Plattne and S. C. B. Raper 		and T. F. Stocker and P. A. Stott and H. Teng and and T. M. L. Wigley},
	title={A review of uncertainties in global temperature projections over the twenty-first century},
	journal = {J. Climate},
	year = {2008},
	volume = 21,
	pages = {2651--2663},
          doi = {10.1175/2007JCLI2119.1}}

@article {EmeryEA1986,
author = {Emery, W. J. and Thomas, A. C. and Collins, M. J. and Crawford, W. R. and Mackas, D. L.},
title = {An objective method for computing advective surface velocities from sequential infrared satellite images},
journal = {J. Geophys. Res.},
volume = {91},
doi = {10.1029/JC091iC11p12865},
pages = {12865--12878},
year = {1986}
}
%%%%%%%%%%%%%%%%%%%%%%%%%%%%%%%%%%%%%%%%%%%%%%%%%%%%%%%%%%%%%%%%%%
@article{leinonen2020stochastic,
  title={Stochastic super-resolution for downscaling time-evolving atmospheric fields with a generative adversarial network},
  author={Leinonen, Jussi and Nerini, Daniele and Berne, Alexis},
  journal={IEEE Transactions on Geoscience and Remote Sensing},
  volume={59},
  number={9},
  pages={7211--7223},
  year={2020},
  publisher={IEEE}
}
@article{harris2022generative,
  title={A Generative Deep Learning Approach to Stochastic Downscaling of Precipitation Forecasts},
  author={Harris, Lucy and McRae, Andrew TT and Chantry, Matthew and Dueben, Peter D and Palmer, Tim N},
  journal={arXiv preprint arXiv:2204.02028},
  year={2022}
}
@inproceedings{price2022increasing,
  title={Increasing the accuracy and resolution of precipitation forecasts using deep generative models},
  author={Price, Ilan and Rasp, Stephan},
  booktitle={International Conference on Artificial Intelligence and Statistics},
  pages={10555--10571},
  year={2022},
  organization={PMLR}
}
@article{hess2022physically,
  title={Physically constrained generative adversarial networks for improving precipitation fields from Earth system models},
  author={Hess, Philipp and Dr{\"u}ke, Markus and Petri, Stefan and Strnad, Felix M and Boers, Niklas},
  journal={Nature Machine Intelligence},
  pages={1--12},
  year={2022},
  publisher={Nature Publishing Group}
}
@article{gong2022temperature,
  title={Temperature forecasting by deep learning methods},
  author={Gong, Bing and Langguth, Michael and Ji, Yan and Mozaffari, Amirpasha and Stadtler, Scarlet and Mache, Karim and Schultz, Martin G},
  journal={Geoscientific Model Development Discussions},
  pages={1--35},
  year={2022},
  publisher={Copernicus GmbH}
}
@inproceedings{arjovsky2017wasserstein,
  title={Wasserstein generative adversarial networks},
  author={Arjovsky, Martin and Chintala, Soumith and Bottou, L{\'e}on},
  booktitle={International conference on machine learning},
  pages={214--223},
  year={2017},
  organization={PMLR}
}
@article{saatci2017bayesian,
  title={Bayesian gan},
  author={Saatci, Yunus and Wilson, Andrew G},
  journal={Advances in neural information processing systems},
  volume={30},
  year={2017}
}
@article{chen2020remote,
  title={Remote sensing image fusion based on Bayesian GAN},
  author={Chen, Junfu and Pan, Yue and Chen, Yang},
  journal={arXiv preprint arXiv:2009.09465},
  year={2020}
}
@inproceedings{lambhate2020super,
  title={Super-Resolution of Sea Surface Temperature Satellite Images},
  author={Lambhate, Devyani and Subramani, Deepak N},
  booktitle={Global Oceans 2020: Singapore--US Gulf Coast},
  pages={1--7},
  year={2020},
  organization={IEEE}
}
@inproceedings{ledig2017photo,
  title={Photo-realistic single image super-resolution using a generative adversarial network},
  author={Ledig, Christian and Theis, Lucas and Husz{\'a}r, Ferenc and Caballero, Jose and Cunningham, Andrew and Acosta, Alejandro and Aitken, Andrew and Tejani, Alykhan and Totz, Johannes and Wang, Zehan and others},
  booktitle={Proceedings of the IEEE conference on computer vision and pattern recognition},
  pages={4681--4690},
  year={2017}
}
@article{mirza2014conditional,
  title={Conditional generative adversarial nets},
  author={Mirza, Mehdi and Osindero, Simon},
  journal={arXiv preprint arXiv:1411.1784},
  year={2014}
}
@article{chaudhuri2022mscligan,
  title={Mscligan-A Structure-Informed Generative Adversarial Model for Multi-Site Statistical Downscaling of Extreme Precipitation-Using Multi-Model Ensemble},
  author={Chaudhuri, Chiranjib and Robertson, Colin},
  year={2022},
  publisher={Preprints}
}
@article{radford2015unsupervised,
  title={Unsupervised representation learning with deep convolutional generative adversarial networks},
  author={Radford, Alec and Metz, Luke and Chintala, Soumith},
  journal={arXiv preprint arXiv:1511.06434},
  year={2015}
}
@inproceedings{wang2018esrgan,
  title={Esrgan: Enhanced super-resolution generative adversarial networks},
  author={Wang, Xintao and Yu, Ke and Wu, Shixiang and Gu, Jinjin and Liu, Yihao and Dong, Chao and Qiao, Yu and Change Loy, Chen},
  booktitle={Proceedings of the European conference on computer vision (ECCV) workshops},
  pages={0--0},
  year={2018}
}
@inproceedings{he2019bayesian,
  title={Bayesian modelling and monte carlo inference for GAN},
  author={He, Hao and Wang, Hao and Lee, Guang-He and Tian, Yonglong},
  booktitle={International Conference on Learning Representations},
  volume={3},
  pages={4},
  year={2019}
}
@article{goodfellow2014generative,
  title={Generative adversarial networks},
  author={Goodfellow, Ian J and Pouget-Abadie, Jean and Mirza, Mehdi and Xu, Bing and Warde-Farley, David and Ozair, Sherjil and Courville, Aaron and Bengio, Yoshua},
  journal={arXiv preprint arXiv:1406.2661},
  year={2014}
}
@article{stengel2020adversarial,
  title={Adversarial super-resolution of climatological wind and solar data},
  author={Stengel, Karen and Glaws, Andrew and Hettinger, Dylan and King, Ryan N},
  journal={Proceedings of the National Academy of Sciences},
  volume={117},
  number={29},
  pages={16805--16815},
  year={2020},
  publisher={National Acad Sciences}
}
@article{harder2022generating,
  title={Generating physically-consistent high-resolution climate data with hard-constrained neural networks},
  author={Harder, Paula and Yang, Qidong and Ramesh, Venkatesh and Sattigeri, Prasanna and Hernandez-Garcia, Alex and Watson, Campbell and Szwarcman, Daniela and Rolnick, David},
  journal={arXiv preprint arXiv:2208.05424},
  year={2022}
}
@article{mackenzie2021ecological,
  title={An ecological approach to climate change-informed tree species selection for reforestation},
  author={MacKenzie, William H and Mahony, Colin R},
  journal={Forest Ecology and Management},
  volume={481},
  pages={118705},
  year={2021},
  publisher={Elsevier}
}
@article{wang2012projecting,
  title={Projecting future distributions of ecosystem climate niches: uncertainties and management applications},
  author={Wang, Tongli and Campbell, Elizabeth M and O’Neill, Gregory A and Aitken, Sally N},
  journal={Forest Ecology and Management},
  volume={279},
  pages={128--140},
  year={2012},
  publisher={Elsevier}
}
@article{le2018comparison,
  title={Comparison of statistical and dynamical downscaling results from the WRF model},
  author={Le Roux, Renan and Katurji, Marwan and Zawar-Reza, Peyman and Qu{\'e}nol, Herv{\'e} and Sturman, Andrew},
  journal={Environmental Modelling \& Software},
  volume={100},
  pages={67--73},
  year={2018},
  publisher={Elsevier}
}
@article{khan2018guide,
  title={A guide to convolutional neural networks for computer vision},
  author={Khan, Salman and Rahmani, Hossein and Shah, Syed Afaq Ali and Bennamoun, Mohammed},
  journal={Synthesis lectures on computer vision},
  volume={8},
  number={1},
  pages={1--207},
  year={2018},
  publisher={Morgan \& Claypool Publishers}
}
@article{vallender1974calculation,
  title={Calculation of the Wasserstein distance between probability distributions on the line},
  author={Vallender, SS},
  journal={Theory of Probability \& Its Applications},
  volume={18},
  number={4},
  pages={784--786},
  year={1974},
  publisher={SIAM}
}
@article{cao2018recent,
  title={Recent advances of generative adversarial networks in computer vision},
  author={Cao, Yang-Jie and Jia, Li-Li and Chen, Yong-Xia and Lin, Nan and Yang, Cong and Zhang, Bo and Liu, Zhi and Li, Xue-Xiang and Dai, Hong-Hua},
  journal={IEEE Access},
  volume={7},
  pages={14985--15006},
  year={2018},
  publisher={IEEE}
}
@article{chen2019generative,
  title={Generative adversarial networks capabilities for super-resolution reconstruction of weather radar echo images},
  author={Chen, Hongguang and Zhang, Xing and Liu, Yintian and Zeng, Qiangyu},
  journal={Atmosphere},
  volume={10},
  number={9},
  pages={555},
  year={2019},
  publisher={MDPI}
}
@article{hochreiter1997long,
  title={Long short-term memory},
  author={Hochreiter, Sepp and Schmidhuber, J{\"u}rgen},
  journal={Neural computation},
  volume={9},
  number={8},
  pages={1735--1780},
  year={1997},
  publisher={MIT Press}
}
@article{franch2020precipitation,
  title={Precipitation nowcasting with orographic enhanced stacked generalization: Improving deep learning predictions on extreme events},
  author={Franch, Gabriele and Nerini, Daniele and Pendesini, Marta and Coviello, Luca and Jurman, Giuseppe and Furlanello, Cesare},
  journal={Atmosphere},
  volume={11},
  number={3},
  pages={267},
  year={2020},
  publisher={MDPI}
}
@article{ravuri2021skilful,
  title={Skilful precipitation nowcasting using deep generative models of radar},
  author={Ravuri, Suman and Lenc, Karel and Willson, Matthew and Kangin, Dmitry and Lam, Remi and Mirowski, Piotr and Fitzsimons, Megan and Athanassiadou, Maria and Kashem, Sheleem and Madge, Sam and others},
  journal={Nature},
  volume={597},
  number={7878},
  pages={672--677},
  year={2021},
  publisher={Nature Publishing Group}
}
@article{sobie2017high,
  title={High-resolution statistical downscaling in southwestern British Columbia},
  author={Sobie, Stephen R and Murdock, Trevor Q},
  journal={Journal of Applied Meteorology and Climatology},
  volume={56},
  number={6},
  pages={1625--1641},
  year={2017}
}
@article{wang2020state,
  title={A state-of-the-art review on image synthesis with generative adversarial networks},
  author={Wang, Lei and Chen, Wei and Yang, Wenjia and Bi, Fangming and Yu, Fei Richard},
  journal={IEEE Access},
  volume={8},
  pages={63514--63537},
  year={2020},
  publisher={IEEE}
}
@inproceedings{johnson2016perceptual,
  title={Perceptual losses for real-time style transfer and super-resolution},
  author={Johnson, Justin and Alahi, Alexandre and Fei-Fei, Li},
  booktitle={European conference on computer vision},
  pages={694--711},
  year={2016},
  organization={Springer}
}
@article{jiang2020single,
  title={Single image super-resolution: Depthwise separable convolution super-resolution generative adversarial network},
  author={Jiang, Zetao and Huang, Yongsong and Hu, Lirui},
  journal={Applied Sciences},
  volume={10},
  number={1},
  pages={375},
  year={2020},
  publisher={MDPI}
}
@article{annau2023algorithmic,
  title={Algorithmic hallucinations of near-surface winds: Statistical downscaling with generative adversarial networks to convection-permitting scales},
  author={Annau, Nicolaas J and Cannon, Alex J and Monahan, Adam H},
  journal={Artificial Intelligence for the Earth Systems},
  volume={2},
  number={4},
  pages={e230015},
  year={2023},
  publisher={American Meteorological Society}
}
@article{afshari2023statistical,
  title={Statistical downscaling of SEVIRI land surface temperature to WRF near-surface air temperature using a deep learning model},
  author={Afshari, Afshin and Vogel, Julian and Chockalingam, Ganesh},
  journal={Remote Sensing},
  volume={15},
  number={18},
  pages={4447},
  year={2023},
  publisher={MDPI}
}
@INPROCEEDINGS{nesrganplus,
    author = {N. C. {Rakotonirina} and A. {Rasoanaivo}},  
    booktitle={ICASSP 2020 - 2020 IEEE International Conference on Acoustics, Speech and Signal Processing (ICASSP)},   
    title={ESRGAN+ : Further Improving Enhanced Super-Resolution Generative Adversarial Network},   
    year={2020},  
    volume={},  
    number={},  
    pages={3637-3641},}
@article{hersbach2020era5,
  title={The ERA5 global reanalysis},
  author={Hersbach, Hans and Bell, Bill and Berrisford, Paul and Hirahara, Shoji and Hor{\'a}nyi, Andr{\'a}s and Mu{\~n}oz-Sabater, Joaqu{\'\i}n and Nicolas, Julien and Peubey, Carole and Radu, Raluca and Schepers, Dinand and others},
  journal={Quarterly Journal of the Royal Meteorological Society},
  volume={146},
  number={730},
  pages={1999--2049},
  year={2020},
  publisher={Wiley Online Library}
}
@inproceedings{skamarock2001prototypes,
  title={Prototypes for the WRF (Weather Research and Forecasting) model},
  author={Skamarock, William C and Klemp, Joseph B and Dudhia, Jimy},
  booktitle={Preprints, Ninth Conf. Mesoscale Processes, J11--J15, Amer. Meteorol. Soc., Fort Lauderdale, FL},
  volume={1},
  year={2001}
}
@article{li2019high,
  title={High-resolution regional climate modeling and projection over western Canada using a weather research forecasting model with a pseudo-global warming approach},
  author={Li, Yanping and Li, Zhenhua and Zhang, Zhe and Chen, Liang and Kurkute, Sopan and Scaff, Lucia and Pan, Xicai},
  journal={Hydrology and Earth System Sciences},
  volume={23},
  number={11},
  pages={4635--4659},
  year={2019},
  publisher={Copernicus Publications G{\"o}ttingen, Germany}
}
@article{thompson2013means,
  title={Means and extremes: building variability into community-level climate change experiments},
  author={Thompson, Ross M and Beardall, John and Beringer, Jason and Grace, Mike and Sardina, Paula},
  journal={Ecology letters},
  volume={16},
  number={6},
  pages={799--806},
  year={2013},
  publisher={Wiley Online Library}
}
@article{kephart2022city,
  title={City-level impact of extreme temperatures and mortality in Latin America},
  author={Kephart, Josiah L and S{\'a}nchez, Brisa N and Moore, Jeffrey and Schinasi, Leah H and Bakhtsiyarava, Maryia and Ju, Yang and Gouveia, Nelson and Caiaffa, Waleska T and Dronova, Iryna and Arunachalam, Saravanan and others},
  journal={Nature medicine},
  volume={28},
  number={8},
  pages={1700--1705},
  year={2022},
  publisher={Nature Publishing Group US New York}
}
@article{wilks2010use,
  title={Use of stochastic weathergenerators for precipitation downscaling},
  author={Wilks, Daniel S},
  journal={Wiley Interdisciplinary Reviews: Climate Change},
  volume={1},
  number={6},
  pages={898--907},
  year={2010},
  publisher={Wiley Online Library}
}
@article{fischer2021increasing,
  title={Increasing probability of record-shattering climate extremes},
  author={Fischer, EM and Sippel, Sebastian and Knutti, Reto},
  journal={Nature Climate Change},
  volume={11},
  number={8},
  pages={689--695},
  year={2021},
  publisher={Nature Publishing Group UK London}
}
@book{arya2001introduction,
  title={Introduction to micrometeorology},
  author={Arya, Paul S},
  year={2001},
  publisher={Elsevier}
}
@article{maraun2013bias,
  title={Bias correction, quantile mapping, and downscaling: Revisiting the inflation issue},
  author={Maraun, Douglas},
  journal={Journal of Climate},
  volume={26},
  number={6},
  pages={2137--2143},
  year={2013},
  publisher={American Meteorological Society}
}
@article{chen2014spatial,
  title={Spatial downscaling of TRMM 3B43 precipitation considering spatial heterogeneity},
  author={Chen, Fengrui and Liu, Yu and Liu, Qiang and Li, Xi},
  journal={International Journal of Remote Sensing},
  volume={35},
  number={9},
  pages={3074--3093},
  year={2014},
  publisher={Taylor \& Francis}
}
@article{daust2024capturing,
  title={Capturing Climatic Variability: Using Deep Learning for Stochastic Downscaling},
  author={Daust, Kiri and Monahan, Adam},
  journal={arXiv preprint arXiv:2406.02587},
  year={2024}
}
@article{li2021survey,
  title={A survey of convolutional neural networks: analysis, applications, and prospects},
  author={Li, Zewen and Liu, Fan and Yang, Wenjie and Peng, Shouheng and Zhou, Jun},
  journal={IEEE transactions on neural networks and learning systems},
  volume={33},
  number={12},
  pages={6999--7019},
  year={2021},
  publisher={IEEE}
}
@inproceedings{shi2016real,
  title={Real-time single image and video super-resolution using an efficient sub-pixel convolutional neural network},
  author={Shi, Wenzhe and Caballero, Jose and Husz{\'a}r, Ferenc and Totz, Johannes and Aitken, Andrew P and Bishop, Rob and Rueckert, Daniel and Wang, Zehan},
  booktitle={Proceedings of the IEEE conference on computer vision and pattern recognition},
  pages={1874--1883},
  year={2016}
}
@article{kumar2023modern,
  title={On the modern deep learning approaches for precipitation downscaling},
  author={Kumar, Bipin and Atey, Kaustubh and Singh, Bhupendra Bahadur and Chattopadhyay, Rajib and Acharya, Nachiketa and Singh, Manmeet and Nanjundiah, Ravi S and Rao, Suryachandra A},
  journal={Earth Science Informatics},
  volume={16},
  number={2},
  pages={1459--1472},
  year={2023},
  publisher={Springer}
}

